[gd_scene load_steps=24 format=2]

[ext_resource path="res://scripts/GameOver.gd" type="Script" id=1]
[ext_resource path="res://scenes/backgrounds/HeavenBackground.tscn" type="PackedScene" id=2]
[ext_resource path="res://assets/sprites/Props/PearlyGates/PearlyGates.png" type="Texture" id=3]
[ext_resource path="res://assets/tiles/HeavenTileSet.res" type="TileSet" id=4]
[ext_resource path="res://assets/sprites/Props/Flower/RedFlower0.png" type="Texture" id=5]
[ext_resource path="res://assets/sprites/Props/Flower/RedFlower1.png" type="Texture" id=6]
[ext_resource path="res://assets/sprites/Props/Flower/YellowFlower0.png" type="Texture" id=7]
[ext_resource path="res://assets/sprites/Props/Flower/YellowFlower1.png" type="Texture" id=8]
[ext_resource path="res://assets/sprites/Props/Flower/BlueFlower0.png" type="Texture" id=9]
[ext_resource path="res://assets/sprites/Props/Flower/BlueFlower1.png" type="Texture" id=10]
[ext_resource path="res://assets/sprites/Lilith/Idle/Idle0.png" type="Texture" id=11]
[ext_resource path="res://assets/sprites/Lilith/Idle/Idle1.png" type="Texture" id=12]
[ext_resource path="res://assets/sprites/Lilith/Idle/Idle2.png" type="Texture" id=13]
[ext_resource path="res://assets/sprites/Lilith/Idle/Idle3.png" type="Texture" id=14]
[ext_resource path="res://assets/music/title.ogg" type="AudioStream" id=15]
[ext_resource path="res://scenes/entities/props/Heavens' Keys.tscn" type="PackedScene" id=16]
[ext_resource path="res://assets/fonts/Acme-Regular.ttf" type="DynamicFontData" id=17]
[ext_resource path="res://scenes/button/Button.tscn" type="PackedScene" id=18]

[sub_resource type="SpriteFrames" id=1]
animations = [ {
"frames": [ ExtResource( 5 ), ExtResource( 6 ) ],
"loop": true,
"name": "default",
"speed": 1.5
}, {
"frames": [ ExtResource( 7 ), ExtResource( 8 ) ],
"loop": true,
"name": "New Anim 1",
"speed": 1.5
}, {
"frames": [ ExtResource( 9 ), ExtResource( 10 ) ],
"loop": true,
"name": "New Anim",
"speed": 1.5
} ]

[sub_resource type="SpriteFrames" id=2]
animations = [ {
"frames": [ ExtResource( 11 ), ExtResource( 12 ), ExtResource( 13 ), ExtResource( 14 ), ExtResource( 13 ), ExtResource( 14 ) ],
"loop": true,
"name": "default",
"speed": 5.0
} ]

[sub_resource type="DynamicFont" id=3]
size = 72
outline_size = 4
outline_color = Color( 0, 0, 0, 1 )
use_filter = true
font_data = ExtResource( 17 )

[sub_resource type="DynamicFont" id=4]
size = 48
outline_size = 1
outline_color = Color( 0, 0, 0, 1 )
use_filter = true
font_data = ExtResource( 17 )

[sub_resource type="DynamicFont" id=5]
size = 48
outline_size = 1
outline_color = Color( 0, 0, 0, 1 )
use_filter = true
font_data = ExtResource( 17 )

[node name="GameOver" type="Node2D"]
script = ExtResource( 1 )

[node name="HeavenBackground" parent="." instance=ExtResource( 2 )]
position = Vector2( 736, 320 )

[node name="Camera2D" type="Camera2D" parent="."]
position = Vector2( 640, 357.552 )

[node name="Pearly Gates" type="Sprite" parent="."]
position = Vector2( 638.607, 235.52 )
scale = Vector2( 5, 5 )
texture = ExtResource( 3 )

[node name="TileMap" type="TileMap" parent="."]
scale = Vector2( 2, 2 )
tile_set = ExtResource( 4 )
cell_size = Vector2( 32, 32 )
format = 1
tile_data = PoolIntArray( 458756, 0, 0, 458757, 6, 0, 458758, 6, 0, 458759, 6, 0, 458760, 6, 0, 458761, 6, 0, 458762, 6, 0, 458763, 6, 0, 458764, 6, 0, 458765, 6, 0, 458766, 6, 0, 458767, 6, 0, 458768, 2, 0, 524292, 8, 0, 524293, 9, 0, 524294, 11, 0, 524295, 9, 0, 524296, 11, 0, 524297, 9, 0, 524298, 11, 0, 524299, 9, 0, 524300, 11, 0, 524301, 9, 0, 524302, 11, 0, 524303, 9, 0, 524304, 10, 0, 589828, 3, 0, 589829, 7, 0, 589830, 7, 0, 589831, 7, 0, 589832, 7, 0, 589833, 7, 0, 589834, 7, 0, 589835, 7, 0, 589836, 7, 0, 589837, 7, 0, 589838, 7, 0, 589839, 7, 0, 589840, 5, 0 )

[node name="Flower" type="AnimatedSprite" parent="."]
position = Vector2( 544, 424.642 )
scale = Vector2( 2, 2 )
frames = SubResource( 1 )
animation = "New Anim 1"
playing = true

[node name="Flower2" type="AnimatedSprite" parent="."]
position = Vector2( 800, 424.642 )
scale = Vector2( 2, 2 )
frames = SubResource( 1 )
animation = "New Anim"
playing = true

[node name="Flower3" type="AnimatedSprite" parent="."]
position = Vector2( 992, 425.374 )
scale = Vector2( 2, 2 )
frames = SubResource( 1 )
frame = 1
playing = true

[node name="Flower4" type="AnimatedSprite" parent="."]
position = Vector2( 320, 424.642 )
scale = Vector2( 2, 2 )
frames = SubResource( 1 )
animation = "New Anim 1"
frame = 1
playing = true

[node name="Lilith" type="AnimatedSprite" parent="."]
position = Vector2( 608, 424.642 )
scale = Vector2( 2, 2 )
frames = SubResource( 2 )
frame = 3
playing = true

[node name="AudioStreamPlayer" type="AudioStreamPlayer" parent="."]
stream = ExtResource( 15 )
bus = "BGM"

[node name="Heavens' Keys" parent="." instance=ExtResource( 16 )]
position = Vector2( 926.618, 393.374 )

[node name="Heavens' Keys3" parent="." instance=ExtResource( 16 )]
position = Vector2( 448, 292.215 )

[node name="Heavens' Keys2" parent="." instance=ExtResource( 16 )]
position = Vector2( 361.572, 392.642 )

[node name="Heavens' Keys4" parent="." instance=ExtResource( 16 )]
position = Vector2( 832, 292.215 )

[node name="Thanks" type="Label" parent="."]
anchor_left = 0.5
anchor_top = 0.5
anchor_right = 0.5
anchor_bottom = 0.5
margin_left = 343.655
margin_top = 189.103
margin_right = 976.655
margin_bottom = 282.103
custom_fonts/font = SubResource( 3 )
text = "Thank you for playing!"

[node name="Deaths" type="Label" parent="."]
anchor_left = 0.5
anchor_top = 0.5
anchor_right = 0.5
anchor_bottom = 0.5
margin_left = 343.655
margin_top = 493.521
margin_right = 976.655
margin_bottom = 586.521
custom_fonts/font = SubResource( 3 )
text = "You died: 0 times!"
align = 1

[node name="VBoxContainer" type="VBoxContainer" parent="."]
margin_left = 960.0
margin_top = 544.0
margin_right = 1181.0
margin_bottom = 684.0

[node name="mainMenuBtn" parent="VBoxContainer" instance=ExtResource( 18 )]
margin_right = 221.0
margin_bottom = 68.0
custom_fonts/font = SubResource( 4 )
text = "Main Menu"
sceneToLoad = "res://scenes/title/title.tscn"

[node name="exitBtn" parent="VBoxContainer" instance=ExtResource( 18 )]
margin_top = 72.0
margin_right = 221.0
margin_bottom = 140.0
custom_fonts/font = SubResource( 5 )
text = "Exit"
[connection signal="pressed" from="VBoxContainer/exitBtn" to="." method="_on_exitBtn_pressed"]
