[gd_scene load_steps=12 format=2]

[ext_resource path="res://scripts/LevelManager.gd" type="Script" id=1]
[ext_resource path="res://scenes/backgrounds/HeavenBackground.tscn" type="PackedScene" id=2]
[ext_resource path="res://scenes/backgrounds/HellBackground.tscn" type="PackedScene" id=3]
[ext_resource path="res://assets/tiles/HeavenTileSet.res" type="TileSet" id=4]
[ext_resource path="res://assets/tiles/HellTileSet.res" type="TileSet" id=5]
[ext_resource path="res://assets/music/level.ogg" type="AudioStream" id=6]
[ext_resource path="res://assets/music/hell.ogg" type="AudioStream" id=7]
[ext_resource path="res://scenes/entities/DeathPit.gd" type="Script" id=8]
[ext_resource path="res://scenes/UI/HUD.tscn" type="PackedScene" id=9]

[sub_resource type="RectangleShape2D" id=2]
extents = Vector2( 1056, 32 )

[sub_resource type="RectangleShape2D" id=3]
extents = Vector2( 1056, 32 )

[node name="Level" type="Node2D"]
script = ExtResource( 1 )

[node name="HeavenBackground" parent="." groups=[
"Heaven",
] instance=ExtResource( 2 )]
position = Vector2( 704, 335.5 )

[node name="HellBackground" parent="." instance=ExtResource( 3 )]
visible = false
position = Vector2( 800, 704 )

[node name="HeavenTile" type="TileMap" parent="." groups=[
"Heaven",
]]
scale = Vector2( 2, 2 )
tile_set = ExtResource( 4 )
cell_size = Vector2( 32, 32 )
format = 1
tile_data = PoolIntArray( -1, 10, 0, -65516, 8, 0, 65535, 10, 0, 20, 8, 0, 131071, 10, 0, 65556, 8, 0, 196607, 10, 0, 131092, 8, 0, 262143, 10, 0, 196628, 8, 0, 327679, 10, 0, 262164, 8, 0, 393215, 10, 0, 327700, 8, 0, 458751, 10, 0, 393236, 8, 0, 524287, 10, 0, 458772, 8, 0, 589823, 10, 0, 524308, 8, 0, 655359, 10, 0, 589844, 8, 0, 720895, 10, 0, 655380, 8, 0, 786431, 10, 0, 720916, 8, 0 )
__meta__ = {
"_edit_lock_": true
}

[node name="HellTile" type="TileMap" parent="." groups=[
"Hell",
]]
visible = false
scale = Vector2( 2, 2 )
tile_set = ExtResource( 5 )
cell_size = Vector2( 32, 32 )
collision_layer = 2
collision_mask = 2
format = 1
tile_data = PoolIntArray( -1, 8, 0, -65516, 6, 0, 65535, 8, 0, 20, 6, 0, 131071, 8, 0, 65556, 6, 0, 196607, 8, 0, 131092, 6, 0, 262143, 8, 0, 196628, 6, 0, 327679, 8, 0, 262164, 6, 0, 393215, 8, 0, 327700, 6, 0, 458751, 8, 0, 393236, 6, 0, 524287, 8, 0, 458772, 6, 0, 589823, 8, 0, 524308, 6, 0, 655359, 8, 0, 589844, 6, 0, 720895, 8, 0, 655380, 6, 0, 786431, 8, 0, 720916, 6, 0 )
__meta__ = {
"_edit_lock_": true
}

[node name="HeavenMusic" type="AudioStreamPlayer" parent="."]
stream = ExtResource( 6 )
bus = "BGM"

[node name="HellMusic" type="AudioStreamPlayer" parent="."]
stream = ExtResource( 7 )
bus = "BGM"

[node name="HeavenDeath" type="Area2D" parent="." groups=[
"Heaven",
]]
position = Vector2( 640, 704 )
script = ExtResource( 8 )

[node name="CollisionShape2D" type="CollisionShape2D" parent="HeavenDeath"]
shape = SubResource( 2 )

[node name="HellDeath" type="Area2D" parent="." groups=[
"Hell",
]]
visible = false
position = Vector2( 640, 0 )
collision_layer = 2
collision_mask = 2
script = ExtResource( 8 )

[node name="CollisionShape2D" type="CollisionShape2D" parent="HellDeath"]
position = Vector2( 0, 32 )
shape = SubResource( 3 )

[node name="HUD" parent="." instance=ExtResource( 9 )]
current_level = 20
[connection signal="body_entered" from="HeavenDeath" to="HeavenDeath" method="_on_body_entered"]
[connection signal="body_entered" from="HellDeath" to="HellDeath" method="_on_body_entered"]
